<?xml version="1.0" encoding="UTF-8"?><record xmlns="http://www.loc.gov/MARC21/slim" xmlns:cinclude="http://apache.org/cocoon/include/1.0" xmlns:zs="http://www.loc.gov/zing/srw/">
  <leader>00431cz  a2200133n  4500</leader>
  <controlfield tag="001">n  85161209 </controlfield>
  <controlfield tag="003">DLC</controlfield>
  <controlfield tag="005">19870827104308.8</controlfield>
  <controlfield tag="008">860609n| acannaab|          |a aaa |||  </controlfield>
  <datafield tag="010" ind1=" " ind2=" ">
    <subfield code="a">n  85161209 </subfield>
  </datafield>
  <datafield tag="040" ind1=" " ind2=" ">
    <subfield code="a">DLC</subfield>
    <subfield code="c">DLC</subfield>
    <subfield code="d">DLC</subfield>
  </datafield>
  <datafield tag="100" ind1="1" ind2="0">
    <subfield code="a">Hathaway, Esther A.</subfield>
  </datafield>
  <datafield tag="400" ind1="1" ind2="0">
    <subfield code="a">Baker, Esther A.</subfield>
  </datafield>
  <datafield tag="670" ind1=" " ind2=" ">
    <subfield code="a">NUCMC data from Rutgers Univ. Lib. for Hathaway, T. Letters, 1861-1867</subfield>
    <subfield code="b">(Esther A. Hathaway; wife of Thomas Hathaway; b. Esther A. Baker)</subfield>
  </datafield>
</record>